@article{mohamed2021access,
  title={Optimising Multiprocessor Image-Based Control Through Pipelining and Parallelism},
  author={Mohamed, Sajid and Goswami, Dip and De, Sayandip and Basten, Twan},
  journal={IEEE Access},
  volume={9},
  pages={112332--112358},
  year={2021},
  publisher={IEEE}
}

@article{de2020access,
  title={Ap\-proxi\-ma\-tion-Aware Design of an Image-Based Control System},
  author={De, Sayandip and Mohamed, Sajid and Goswami, Dip and Corporaal, Henk},
  journal={IEEE Access},
  volume={8},
  pages={\ 174568--174586},
  year={2020},
  publisher={IEEE}
}

@article{mohamed2020scenario,
title={A scenario-and platform-aware design flow for image-based control systems},
author={Mohamed, Sajid and Goswami, Dip and Nathan, Vishak and Rajappa, Raghu and Basten, Twan},
journal={Microprocessors and Microsystems},
  volume={75},
  pages={103037},
  year={2020},
  publisher={Elsevier}
}

@inproceedings{zamani2016scheduling,
   title={Scheduling of controllersâ€™ update-rates for residual bandwidth utilization},
   author={Zamani, Majid and Dey, Soumyajit and Mohamed, Sajid and Dasgupta, Pallab and Mazo, Manuel},
   booktitle={International Conference on Formal Modeling and Analysis of Timed Systems (FORMATS)},
   pages={85--101},
   year={2016},
   organization={Springer}
}
@inproceedings{de2021hardware,
  title={Hardware- and Situation-Aware Sensing for Robust Closed-Loop Control Systems},
  author={De, Sayandip and Huang, Yingkai and Mohamed, Sajid and Goswami, Dip and Corporaal, Henk},
  booktitle={Design, Automation and Test in Europe Conference (DATE)},
  year={2021}
}
@inproceedings{mohamed2020adaptive,
  title={Adaptive predictive control for pipelined multiprocessor image-based control systems considering workload variations},
  author={Mohamed, Sajid and Saraf, Nilay and Bernardini, Daniele and Goswami, Dip and Basten, Twan and Bemporad, Alberto},
  booktitle={59th IEEE Conference on Decision and Control (CDC)},
  year={2020}
}
@inproceedings{de2020approximation,
  title={Approximation trade offs in an image-based control system},
  author={De, Sayandip and Mohamed, Sajid and Bimpisidis, Konstantinos and Goswami, Dip and Basten, Twan and Corporaal, Henk},
  booktitle={Design, Automation \& Test in Europe Conference \& Exhibition (DATE)},
  pages={1680--1685},
  year={2020},
  organization={IEEE}
}
@inproceedings{mohamed2019designing,
title={Designing image-based control systems considering workload variations},
author={Mohamed, Sajid and Awan, Asad Ullah and Goswami, Dip and Basten, Twan},
booktitle={58th Conference on Decision and Control (CDC)},
pages={3997--4004},
year={2019},
organization={IEEE}
}
@INPROCEEDINGS{mohamed2019imacs,
author={Sajid {Mohamed} and Sayandip {De} and Konstantinos {Bimpisidis} and Vishak {Nathan} and Dip {Goswami} and Henk {Corporaal} and Twan {Basten}},
booktitle={8th Mediterranean Conference on Embedded Computing (MECO)},
title={{IMACS: A Framework for Performance Evaluation of Image Approximation in a Closed-loop System}},
year={2019},
pages={1-4}
}
@inproceedings{mohamed2018optimising,
title={Optimising quality-of-control for data-intensive multiprocessor image-based control systems considering workload variations},
author={Mohamed, Sajid and Zhu, Diqing and Goswami, Dip and Basten, Twan},
booktitle={21st Euromicro Conference on Digital System Design (DSD)},
pages={320--327},
year={2018}
}
@inproceedings{becker2015timing,
    title={Timing Analysis of Safety-Critical Automotive Software: The {AUTOSAFE} Tool Flow},
    author={Becker, Martin and Mohamed, Sajid and Albers, Karsten and Chakrabarti, Partha Pratim and Chakraborty, Samarjit and Dasgupta, Pallab and Dey, Soumyajit and Metta, Ravindra},
    booktitle={Asia-Pacific Software Engineering Conference (APSEC)},
    pages={385--392},
    year={2015},
    organization={IEEE}
  }
  
  @inproceedings{mohamed2021Matlab,
    title={{Matlab2Trace: A Matlab to Trace translator to visualise and analyse concurrent system activities and execution traces}},
    author={Mohamed, Sajid and Goswami, Dip and Basten, Twan},
    booktitle={8th MCAA Annual Conference},
    year={2021}
  }
   @inproceedings{mohamed2019bridging,
    title={{Bridging the controller design-implementation gap for image-based control systems}},
    author={Mohamed, Sajid and Goswami, Dip and Basten, Twan},
    booktitle={ICT.OPEN},
    year={2019}
  }
   @inproceedings{mohamed2019dasa,
    title={{DASA: An open-source design, analysis and simulation framework for automotive image-based control systems}},
    author={Mohamed, Sajid and Zhu, Diqing and Goswami, Dip and Basten, Twan},
    booktitle={6th MCAA Annual Conference},
    year={2019}
  }