@article{zewail2010micrographia,
  title={Micrographia of the twenty-first century: from camera obscura to 4D microscopy},
  author={Zewail, Ahmed H},
  journal={Philosophical Transactions of the Royal Society A: Mathematical, Physical and Engineering Sciences},
  volume={368},
  number={1914},
  pages={1191--1204},
  year={2010},
  publisher={The Royal Society Publishing}
}
@article{young1989pinhole,
  title={The pinhole camera: Imaging without lenses or mirrors},
  author={Young, Matt},
  journal={The Physics Teacher},
  volume={27},
  number={9},
  pages={648--655},
  year={1989},
  publisher={American Association of Physics Teachers}
}
@book{belbachir2010smart,
  title={Smart cameras},
  author={Belbachir, Ahmed Nabil},
  volume={2},
  year={2010},
  publisher={Springer}
}
@inproceedings{MasrurGCCAB12,
  author    = {Alejandro Masrur and
               Dip Goswami and
               Samarjit Chakraborty and
               Jian{-}Jia Chen and
               Anuradha Annaswamy and
               Ansuman Banerjee},
  title     = {Timing analysis of cyber-physical applications for hybrid communication protocols},
  booktitle = {Design, Automation {\&} Test in Europe Conference ({DATE})},
  year      = {2012}
}

@article{medina2019designing,
  author    = {R{\'{o}}binson Medina S{\'{a}}nchez and
               Juan Valencia and
               Sander Stuijk and
               Dip Goswami and
               Twan Basten},
  title     = {Designing a Controller with Image-based Pipelined Sensing and Additive Uncertainties},
  journal   = {ACM Transactions on Cyber-Physical Systems ({TCPS})},
  volume    = {3},
  number    = {3},
  year      = {2019}
}
%SanchezVSGB19,
  %pages     = {33:1--33:26},

@article{DavisBBL07,
  author    = {Robert I. Davis and
               Alan Burns and
               Reinder J. Bril and
               Johan J. Lukkien},
  title     = {Controller Area Network {(CAN)} schedulability analysis: Refuted, revisited and revised},
  journal   = {Real-Time Systems},
  volume    = {35},
  number    = {3},
  year      = {2007}
}

  %pages     = {239--272},
@inproceedings{ChakrabortyKT03,
  author    = {Samarjit Chakraborty and
               Simon K{\"{u}}nzli and
               Lothar Thiele},
  title     = {A General Framework for Analysing System Properties in Platform-Based Embedded System Designs},
  booktitle = {Design, Automation {\&} Test in Europe Conference {(DATE})},
  year      = {2003}
}

  %pages     = {10190--10195},
@Article{Einstein,
  author =       "Albert Einstein",
  title =        "{Zur Elektrodynamik bewegter K{\"o}rper}. ({German})
                 [{On} the electrodynamics of moving bodies]",
  journal =      "Annalen der Physik",
  volume =       "322",
  number =       "10",
  pages =        "891--921",
  year =         "1905",
  DOI =          "http://dx.doi.org/10.1002/andp.19053221004"
} 
@inproceedings{stuijk2006sdf,
  title={{SDF\^{}3: SDF for free}},
  author={Stuijk, Sander and Geilen, Marc and Basten, Twan},
  booktitle={6th International Conference on Application of Concurrency to System Design {(ACSD)}},
  year={2006}
}
  %pages={276--278},

@article{ogata1995discrete,
  title={Discrete-time control systems},
  author={Ogata, Katsuhiko and others},
  volume={2},
  year={1995},
  journal={Prentice Hall Englewood Cliffs, NJ}
}
@article{goodwin1980discrete,
  title={Discrete-time multivariable adaptive control},
  author={Goodwin, Graham and Ramadge, Peter and Caines, Peter},
  journal={IEEE Transactions on Automatic Control (TACON)},
  volume={25},
  number={3},
  year={1980}
}
  %pages={449--456},
@article{young1972approach,
  title={An approach to the linear multivariable servomechanism problem},
  author={Young, Peter Colin and Willems, JC},
  journal={International Journal of Control},
  volume={15},
  number={5},
  pages={961--979},
  year={1972}
}
@article{gheorghita2009system,
  title={System-scenario-based design of dynamic embedded systems},
  author={Gheorghita, Stefan Valentin and Palkovic, Martin and Hamers, Juan and Vandecappelle, Arnout and Mamagkakis, Stelios and Basten, Twan and Eeckhout, Lieven and Corporaal, Henk and Catthoor, Francky and Vandeputte, Frederik and others},
  journal={ACM Transactions on Design Automation of Electronic Systems ({TODAES})},
  volume={14},
  number={1},
  year={2009}
}
  %pages={3},
@article{lee1987synchronous,
  title={Synchronous data flow},
  author={Lee, Edward A and Messerschmitt, David G},
  journal={Proceedings of the IEEE},
  volume={75},
  number={9},
  year={1987}
}
  %pages={1235--1245},
@article{welch1967use,
  title={The use of {FFT} for the estimation of power spectra: a method based on time averaging over short, modified periodograms},
  author={Welch, Peter},
  journal={IEEE Transactions on Audio \& Electroacoustics},
  volume={15},
  number={2},
  pages={70--73},
  year={1967}
}
@article{hansson2009compsoc,
  title={{CoMPSoC}: A template for composable and predictable multi-processor system on chips},
  author={Hansson, Andreas and Goossens, Kees and Bekooij, Marco and Huisken, Jos},
  journal={ACM Transactions on Design Automation of Electronic Systems ({TODAES})},
  volume={14},
  number={1},
  year={2009}
}
  %pages={2},
@article{taylor1999comparative,
  title={A comparative study of vision-based lateral control strategies for autonomous highway driving},
  author={Taylor, Camillo J and Ko{\v{s}}eck{\'a}, Jana and Blasi, Robert and Malik, Jitendra},
  journal={International Journal of Robotics Research},
  volume={18},
  number={5},
  year={1999}
}
 % pages={442--453},
@inproceedings{edwards2007case,
  title={The case for the precision timed ({PRET}) machine},
  author={Edwards, Stephen A and Lee, Edward A},
  booktitle={Design Automation Conference (DAC)},
  year={2007},
  organization={IEEE}
}
  %pages={264--265},
@article{ara2018scalable,
  title={Scalable analysis for multi-scale dataflow models},
  author={{Alizadeh Ara}, Hadi and Behrouzian, Amir and Hendriks, Martijn and Geilen, Marc and Goswami, Dip and Basten, Twan},
  journal={ACM Transactions on Embedded Computing Systems (TECS)},
  volume={17},
  number={4},
  year={2018},
  publisher={ACM}
}
  %pages={80},
@inproceedings{siyoum2014symbolic,
  title={Symbolic analysis of dataflow applications mapped onto shared heterogeneous resources},
  author={Siyoum, Firew and Geilen, Marc and Corporaal, Henk},
  booktitle={51st Annual Design Automation Conference (DAC)},
  year={2014}
}
  %pages={1--6},
@article{baccelli1992synchronization,
  title={Synchronization and linearity: an algebra for discrete event systems},
  author={Baccelli, Fran{\c{c}}ois and Cohen, Guy and Olsder, Geert Jan and Quadrat, Jean-Pierre},
  year={1992},
  journal={John Wiley \& Sons Ltd}
}
@misc{ctms,
  title = {{Control tutorials for Matlab and Simulink}},
  howpublished = "\url{http://ctms.engin.umich.edu}",
  note = "[Online; accessed 24-May-2019]"
}
@misc{deigmoller2018predictive,
  title={Predictive suspension control for a vehicle using a stereo camera sensor},
  author={Deigm{\"o}ller, J{\"o}rg and Einecke, Nils and Janssen, Herbert and Fuchs, Oliver},
  year={2018},
  month=jun # "~5",
  publisher={Google Patents},
  note={US Patent 9,987,898}
}
@book{sun2011stability,
  title={Stability theory of switched dynamical systems},
  author={Sun, Zhendong and Ge, Shuzhi Sam},
  year={2011},
  booktitle={Springer Science {\&} Business Media}
}

%pages={1680-1685}

  %pages={320--327},
@inproceedings{anssi2012chronval,
  title={{chronVAL/chronSIM:} A tool suite for timing verification of automotive applications},
  author={Anssi, Saoussen and Albers, Karsten and D{\"o}rfel, Matthias and G{\'e}rard, S{\'e}bastien},
  booktitle={Embedded Real Time Software and Systems (ERTS)},
  year={2012}
}
@inproceedings{lattuada2013modeling,
  title={Modeling pipelined application with synchronous data flow graphs},
  author={Lattuada, Marco and Ferrandi, Fabrizio},
  booktitle={International Conference on Embedded Computer Systems: Architectures, Modeling, and Simulation (SAMOS)},
  year={2013}
}
  %pages={49--55},
@inproceedings{fontantelli2013optimal,
  title={Optimal CPU allocation to a set of control tasks with soft real--time execution constraints},
  author={Fontantelli, Daniele and Palopoli, Luigi and Greco, Luca},
  booktitle={16th International Conference on Hybrid Systems: Computation and Control ({HSCC})},
  year={2013}
}
  %pages={233--242},
%author={Medina, R{\'o}binson and Valencia, Juan and Stuijk, Sander and Goswami, Dip and Basten, Twan},
%journal={ACM Transactions on Cyber-Physical Systems},
%volume={3},
%number={3},
%pages={1--26},
@article{li2015lagrangian,
  title={Lagrangian multiplier adaptation for rate-distortion optimization with inter-frame dependency},
  author={Li, Shuai and Zhu, Ce and Gao, Yanbo and Zhou, Yimin and Dufaux, Fr{\'e}d{\'e}ric and Sun, Ming-Ting},
  journal={IEEE Transactions on Circuits and Systems for Video Technology ({TCSVT})},
  year={2015}
}
%author={Li, Shuai and Zhu, Ce and Gao, Yanbo and Zhou, Yimin and Dufaux, Fr{\'e}d{\'e}ric and Sun, Ming-Ting},
%journal={IEEE Transactions on Circuits and Systems for Video Technology},
%volume={26},
%number={1},
%pages={117--129},
%TCSVT
@article{cloosterman2009stability,
  title={Stability of networked control systems with uncertain time-varying delays},
  author={Cloosterman, Marieke BG and Van de Wouw, Nathan and Heemels, WPMH and Nijmeijer, Hendrik},
  journal={IEEE Transactions on Automatic Control (TACON)},
  volume={54},
  number={7},
  year={2009}
}
  %pages={1575--1580},
@inproceedings{medina2019implementation,
  title={Implementation-aware design of image-based control with on-line measurable variable-delay},
  author={Medina, Robinson and Stuijk, Sander and Goswami, Dip and Basten, Twan},
  booktitle={{Design, Automation \& Test in Europe Conference (DATE)}},
  year={2019}
}
  %pages={240--245},
%booktitle={Design, Automation \& Test in Europe Conference \& Exhibition (DATE)},
@article{henia2005system,
  title={System level performance analysis--the SymTA/S approach},
  author={Henia, Rafik and Hamann, Arne and Jersak, Marek and Racu, Razvan and Richter, Kai and Ernst, Rolf},
  journal={IEE Proceedings-Computers and Digital Techniques},
  volume={152},
  number={2},
  pages={148--166},
  year={2005},
  publisher={IET}
}
@inproceedings{lincoln2000optimal,
  title={Optimal control over networks with long random delays},
  author={Lincoln, Bo and Bernhardsson, Bo},
  booktitle={Proceedings of the International Symposium on Mathematical Theory of Networks and Systems},
  volume={7},
  year={2000}
}
@article{smeulders2013visual,
  title={Visual tracking: An experimental survey},
  author={Smeulders, Arnold WM and Chu, Dung M and Cucchiara, Rita and Calderara, Simone and Dehghan, Afshin and Shah, Mubarak},
  journal={IEEE Transactions on Pattern Analysis and Machine Intelligence (PAMI)},
  volume={36},
  number={7},
  year={2013}
}
  %pages={1442--1468},
%author={Smeulders, Arnold WM and Chu, Dung M and Cucchiara, Rita and Calderara, Simone and Dehghan, Afshin and Shah, Mubarak},
%journal={IEEE transactions on pattern analysis and machine intelligence},
%TPAMI

@inproceedings{stuijk2010predictable,
  title={A predictable multiprocessor design flow for streaming applications with dynamic behaviour},
  author={Stuijk, Sander and Geilen, Marc and Basten, Twan},
  booktitle={Euromicro Conference on Digital System Design (DSD)},
  year={2010}
}
 % pages={548--555},
@misc{nvidiadrive,
title = {{NVIDIA DRIVE end-to-end platform for software-defined autonomous vehicles}},
organisation = {NVIDIA},
key = {NVIDIA},
howpublished = "\url{https://www.nvidia.com/en-us/self-driving-cars/drive-platform/}",
note = "[Online; accessed 29-Dec-2021]"
}
@inproceedings{nvidiaAGX,
title = {{NVIDIA Jetson AGX Xavier Delivers 32 TeraOps for New Era of AI in Robotics}},
author={Dustin Franklin},
booktitle = {NVIDIA Developer Blog},
year = {2018},
url = {https://devblogs.nvidia.com/nvidia-jetson-agx-xavier-32-teraops-ai-robotics/},
}
@inproceedings{kosecka1997vision,
  title={Vision-based lateral control of vehicles},
  author={Kosecka, J and Blasi, R and Taylor, CJ and Malik, Jitendra},
  booktitle={Proceedings of Conference on Intelligent Transportation Systems},
  year={1997}
}
 % pages={900--905},

@article{ishizaki2015clustered,
	Author = {Ishizaki, Takayuki and Kashima, Kenji and Girard, Antoine and Imura, Jun-ichi and Chen, Luonan and Aihara, Kazuyuki},
	Journal = {Automatica},
	Pages = {238--247},
	Publisher = {Elsevier},
	Title = {Clustered model reduction of positive directed networks},
	Volume = {59},
	Year = {2015}}

@article{dse_cpu,
author = {Mohanty, Subhasree and Prasanna, V and Neema, Sandeep and Davis, James},
year = {2002},
month = {07},
pages = {18-27},
title = {{Rapid design space exploration of heterogeneous embedded systems using symbolic search and multi-granular simulation}},
journal = {ACM SIGPLAN Notices},
doi = {10.1145/513829.513835}
}

@INPROCEEDINGS{dse_gpu, 
author={R. {Ubal} and D. {Schaa} and P. {Mistry} and X. {Gong} and Y. {Ukidave} and Z. {Chen} and G. {Schirner} and D. {Kaeli}}, 
booktitle={DAC}, 
title={{Exploring the heterogeneous design space for both performance and reliability}}, 
year={2014}, 
volume={}, 
number={}, 
pages={1-6}, 
month={June}}

@article{michel2004cyberbotics,
  title={{Cyberbotics Ltd. Webots\texttrademark: professional mobile robot simulation}},
  author={Michel, Olivier},
  journal={International Journal of Advanced Robotic Systems (IJARS)},
  volume={1},
  number={1},
  pages={5},
  year={2004},
  publisher={SAGE Publications Sage UK: London, England}
}

@INPROCEEDINGS{dse_gpu_2, 
author={L. {Chen} and O. {Villa} and G. R. {Gao}}, 
booktitle={IEEE International Conference on Cluster Computing}, 
title={{Exploring Fine-Grained Task-Based Execution on Multi-GPU Systems}}, 
year={2011}, 
pages={386-394}, 
month={Sep.}}

@article{sriram2018embedded,
  title={Embedded multiprocessors: Scheduling and synchronization},
  author={Sriram, Sundararajan and Bhattacharyya, Shuvra S},
  year={2018},
  journal={CRC press}
}
@InProceedings{intro_nvidia_no_predict,
  author =	{Ming Yang and Nathan Otterness and Tanya Amert and Joshua Bakita and James H. Anderson and F. Donelson Smith},
  title =	{{Avoiding Pitfalls when Using NVIDIA GPUs for Real-Time Tasks in Autonomous Systems}},
  booktitle =	{{ECRTS}},
  year = {2018},
  pages =	{20:1--20:21},
  ISBN =	{978-3-95977-075-0},
  ISSN =	{1868-8969},
  doi =		{10.4230/LIPIcs.ECRTS.2018.20},
  
}
@article{aastrom2013computer,
  title={Computer-controlled Systems: Theory and Design},
  author={{\AA}str{\"o}m, Karl J and Wittenmark, Bj{\"o}rn},
  year={2013},
  journal={Courier Corporation}
}
@inproceedings{saidi2018future,
  title={Future automotive systems design: research challenges and opportunities: special session},
  author={Saidi, Selma and Steinhorst, Sebastian and Hamann, Arne and Ziegenbein, Dirk and Wolf, Marko},
  booktitle={International Conference on Hardware/Software Codesign and System Synthesis (CODES+ISSS)},
  year={2018}
}
@article{wang2018lanenet,
  title={{LaneNet: Real-Time Lane Detection Networks for Autonomous Driving}},
  author={Wang, Ze and Ren, Weiqiang and Qiu, Qiang},
  journal={arXiv preprint arXiv:1807.01726},
  year={2018}
}
@article{nsight20133,
  title={3.0 User Guide},
  author={{NVIDIA Nsight} and Edition, Visual Studio},
  journal={NVIDIA Corporation},
  year={2013}
}
@inproceedings{arzen2000introduction,
  title={An introduction to control and scheduling co-design},
  author={Arz{\'e}n, K-E and Cervin, Anton and Eker, Johan and Sha, Lui},
  booktitle={39th IEEE Conference on Decision and Control (CDC)},
  volume={5},
  year={2000}
}
 % pages={4865--4870},
@article{cervin2003does,
  title={How does control timing affect performance? Analysis and simulation of timing using Jitterbug and TrueTime},
  author={Cervin, Anton and Henriksson, Dan and Lincoln, Bo and Eker, Johan and Arzen, K-E},
  journal={IEEE control systems magazine},
  volume={23},
  number={3},
  year={2003}
}
  %pages={16--30},
@inproceedings{goswami2013multirate,
  title={Multirate controller design for resource-and schedule-constrained automotive ECUs},
  author={Goswami, Dip and Masrur, Alejandro and Schneider, Reinhard and Xue, Chun Jason and Chakraborty, Samarjit},
  booktitle={Design, Automation \& Test in Europe Conference (DATE)},
  year={2013}
}
  %pages={1123--1126},

@inproceedings{adyanthaya2014robustness,
  title={Robustness analysis of multiprocessor schedules},
  author={Adyanthaya, Shreya and Zhang, Zhihui and Geilen, Marc and Voeten, Jeroen and Basten, Twan and Schiffelers, Ramon},
  booktitle={International Conference on Embedded Computer Systems: Architectures, Modeling, and Simulation (SAMOS)},
  year={2014}
}
  %pages={9--17},
@inproceedings{medina2016reconfigurable,
  title={Reconfigurable pipelined sensing for image-based control},
  author={Medina, R{\'o}binson and Stuijk, Sander and Goswami, Dip and Basten, Twan},
  booktitle={11th IEEE Symposium on Industrial Embedded Systems (SIES)},
  pages={1--8},
  year={2016},
  organization={IEEE}
}
@inproceedings{agrawal2014gpu,
  title={A GPU based Real-Time CUDA implementation for obtaining Visual Saliency},
  author={Agrawal, Rahul and Gupta, Soumyajit and Mukherjee, Jayanta and Layek, Ritwik Kumar},
  booktitle={Proceedings of the Indian Conference on Computer Vision Graphics and Image Processing},
  year={2014}
}
 % pages={1},
@article{macesanu2014time,
  title={A time-delay control approach for a stereo vision based human-machine interaction system},
  author={Macesanu, Gigel and Comnac, Vasile and Moldoveanu, Florin and Grigorescu, Sorin M},
  journal={Springer Journal of Intelligent \& Robotic Systems},
  volume={76},
  number={2},
  year={2014}
}
 % pages={297--313},
@article{wang2014multirate,
  title={Multirate estimation and control of body slip angle for electric vehicles based on onboard vision system},
  author={Wang, Yafei and Nguyen, Binh Minh and Fujimoto, Hiroshi and Hori, Yoichi},
  journal={IEEE Transactions on Industrial Electronics (TIE)},
  volume={61},
  number={2},
  year={2014}
}
 % pages={1133--1143},
@article{sangiovanni2012taming,
  title={Taming Dr. Frankenstein: Contract-based design for cyber-physical systems},
  author={Sangiovanni-Vincentelli, Alberto and Damm, Werner and Passerone, Roberto},
  journal={European Journal of Control},
  volume={18},
  number={3},
  year={2012}
}
  %pages={217--238},
@inproceedings{yuan2003function,
  title={Function block-based pipelined controller},
  author={Yuan, Ming-zhe and Wang, Zhi and Ren, Xudong and Yu, Hai-bin and Zhou, Yue},
  booktitle={29th Annual Conference of the IEEE Industrial Electronics Society (IECON)},
  volume={2},
  year={2003}
}
 % pages={1956--1961},
@inproceedings{krautgartner1998performance,
  title={Performance evaluation of vision-based control tasks},
  author={Krautgartner, Peter and Vincze, Markus},
  booktitle={Proceedings of International Conference on Robotics and Automation (ICRA)},
  volume={3},
  year={1998}
}
  %pages={2315--2320},
@inproceedings{kestur2012emulating,
  title={Emulating mammalian vision on reconfigurable hardware},
  author={Kestur, Srinidhi and Park, Mi Sun and Sabarad, Jagdish and Dantara, Dharav and Narayanan, Vijaykrishnan and Chen, Yang and Khosla, Deepak},
  booktitle={IEEE 20th International Symposium on Field-Programmable Custom Computing Machines},
  year={2012}
}
% pages={141--148},
@article{narote2018review,
  title={A review of recent advances in lane detection and departure warning system},
  author={Narote, Sandipann P and Bhujbal, Pradnya N and Narote, Abbhilasha S and Dhane, Dhiraj M},
  journal={Pattern Recognition},
  volume={73},
  year={2018}
}
  %pages={216--234},
@article{zhou1996robust,
  title={Robust and optimal control},
  author={Zhou, Kemin and Doyle, John Comstock and Glover, Keith and others},
  volume={40},
  year={1996},
  journal={Prentice hall New Jersey}
}
@article{hartley2003multiple,
  title={Multiple view geometry in computer vision},
  author={Hartley, Richard and Zisserman, Andrew},
  year={2003},
  journal={Cambridge university press}
}
@article{lee1998framework,
  title={A framework for comparing models of computation},
  author={Lee, Edward A and Sangiovanni-Vincentelli, Alberto},
  journal={IEEE Transactions on Computer-Aided Design of Integrated Circuits and Systems (TCAD)},
  volume={17},
  number={12},
  year={1998}
}
%  pages={1217--1229},
@inproceedings{thiele2000real,
  title={Real-time calculus for scheduling hard real-time systems},
  author={Thiele, Lothar and Chakraborty, Samarjit and Naedele, Martin},
  booktitle={IEEE International Symposium on Circuits and Systems (ISCAS)},
  volume={4},
  year={2000}
}
%  pages={101--104},
@article{12_sunstability,
  title={Stability theory of switched dynamical systems},
  author={Sun, Zhendong and Ge, Shuzhi Sam},
  year={2011},
  journal={Springer Science \& Business Media}
}
@inproceedings{kawamura2012robust,
  title={Robust visual servoing for object manipulation with large time-delays of visual information},
  author={Kawamura, Akihiro and Tahara, Kenji and Kurazume, Ryo and Hasegawa, Tsutomu},
  booktitle={IEEE/RSJ International Conference on Intelligent Robots and Systems (IROS)},
  year={2012}
}
 % pages={4797--4803},
@inproceedings{fujimoto2003visual,
  title={Visual servoing of 6 dof manipulator by multirate control with depth identification},
  author={Fujimoto, Hiroshi},
  booktitle={42nd IEEE Conference on Decision and Control (CDC)},
  volume={5},
  year={2003}
}
 % pages={5408--5413},
@inproceedings{theelen2006scenario,
  title={A scenario-aware data flow model for combined long-run average and worst-case performance analysis},
  author={Theelen, Bart D and Geilen, Marc CW and Basten, Twan and Voeten, Jeroen PM and Gheorghita, Stefan Valentin and Stuijk, Sander},
  booktitle={Formal Methods and Models for Co-Design (MEMOCODE)},
  year={2006}
}
 %pages={185--194},
@article{dorf2011modern,
  title={Modern control systems},
  author={Dorf, Richard C and Bishop, Robert H},
  year={2011},
  journal={Pearson}
}
@article{corke2017robotics,
  title={{Robotics, Vision and Control: Fundamental Algorithms In MATLAB{\textregistered} Second, Completely Revised}},
  author={Corke, Peter},
  volume={118},
  year={2017},
  journal={Springer}
}
@article{FEI,
  title={An Introduction to electron microscopy},
  author={FEI},
  year={2010},
  journal={ISBN:978-0-578-06276-1}
}
@phdthesis{stuijk2007,
  title={Predictable mapping of streaming applications on multiprocessors},
  author={Stuijk, Sander},
  year={2007},
  school={Eindhoven University of Technology}
}
@article{sharkey1996delays,
  title={Delays versus performance of visually guided systems},
  author={Sharkey, Paul M and Murray, David W},
  journal={IEE Proceedings - Control Theory and Applications},
  volume={143},
  number={5},
  year={1996},
  publisher={IET}
}
 % pages={436--447},
@article{elfring2016effective,
  title={Effective world modeling: Multisensor data fusion methodology for automated driving},
  author={Elfring, Jos and Appeldoorn, Rein and van den Dries, Sjoerd and Kwakkernaat, Maurice},
  journal={Sensors},
  volume={16},
  number={10},
  year={2016},
  publisher={Multidisciplinary Digital Publishing Institute}
}
 % pages={1668},
@inproceedings{chakraborty2016compensating,
  title={Compensating for time-varying input and state delays inherent to image-based control systems},
  author={Chakraborty, Indrasis and Mehta, Siddhartha S and Curtis, J Willard and Dixon, Warren E},
  booktitle={American Control Conference (ACC)},
  year={2016}
}
 % pages={78--83},
@article{bengler2014three,
  title={Three decades of driver assistance systems: Review and future perspectives},
  author={Bengler, Klaus and Dietmayer, Klaus and Farber, Berthold and Maurer, Markus and Stiller, Christoph and Winner, Hermann},
  journal={IEEE Intelligent Transportation Systems Magazine},
  volume={6},
  number={4},
  year={2014},
  publisher={IEEE}
}
%  pages={6--22},

@article{pendleton2017perception,
  title={Perception, planning, control, and coordination for autonomous vehicles},
  author={Pendleton, Scott Drew and Andersen, Hans and Du, Xinxin and Shen, Xiaotong and Meghjani, Malika and Eng, You Hong and Rus, Daniela and Ang, Marcelo H},
  journal={Machines},
  volume={5},
  number={1},
  year={2017},
  publisher={Multidisciplinary Digital Publishing Institute}
}
 % pages={6},
@phdthesis{van2018data,
  title={Data-intensive feedback control: switched systems analysis and design},
  author={van Horssen, EP},
  year={2018},
  school={Eindhoven University of Technology}
}

%pages = {5},
@article{RandyFrank2016,
author = {{Randy Frank}},
file = {:C$\backslash$:/Users/sayandipde/surfdrive/Ph.D (TU{\_}e)/Papers/Approximate Computing/Application Oriented/SteeringRightDirection.pdf:pdf},
issn = {17439469},
journal = {Electronic Design},
mendeley-groups = {Approximate Computing/Application Oriented Approximation/LKAS},
title = {{Steering in the Right Direction}},
url = {https://www.electronicdesign.com/automotive/steering-right-direction},
year = {2016}
}

%%%%%%%%%%%% CDC2019 %%%%%%%%%%%%%%%%%%%%%%%%%%%%%%%%
@book{costa2006discrete,
	title={Discrete-time Markov jump linear systems},
	author={Costa, Oswaldo Luiz Valle and Fragoso, Marcelo Dutra and Marques, Ricardo Paulino},
	year={2006},
	publisher={Springer}
}

@article{welton2005estimation,
  title={Estimation of Markov chain transition probabilities and rates from fully and partially observed data: uncertainty propagation, evidence synthesis, and model calibration},
  author={Welton, Nicky J and Ades, AE},
  journal={Medical Decision Making},
  volume={25},
  number={6},
  pages={633--645},
  year={2005},
  publisher={Sage Publications Sage CA: Thousand Oaks, CA}
}
@article{bemporad2002model,
  title={Model predictive control based on linear programming-the explicit solution},
  author={Bemporad, Alberto and Borrelli, Francesco and Morari, Manfred and others},
  journal={IEEE transactions on automatic control},
  volume={47},
  number={12},
  pages={1974--1985},
  year={2002}
}
@book{mpcbook,
	author={Borrelli, Francesco and Bemporad, Alberto and Morari, Manfred},
	title="{Predictive {c}ontrol for {l}inear and {h}ybrid {s}ystems}",
	publisher={Cambridge University Press},
	year={2017}
}
@article{GMODYS2018engine,
  title={Model predictive control of turbocharged gasoline engines for mass production},
  author={Bemporad, Alberto and Bernardini, Daniele and Long, Ruixing and Verdejo, Julian},
  journal={{SAE} Technical Paper 2018-01-0875},
  year={2018}
}
@article{GMODYS2018powertrain,
  title={Supervisory model predictive control of a powertrain with a continuously variable transmission},
  author={Bemporad, Alberto and Bernardini, Daniele and Livshiz, Michael and Pattipati, Bharath},
  journal={{SAE} Technical Paper 2018-01-0860},
  year={2018}
}
@inproceedings{tian2018deeptest,
  title={Deeptest: Automated testing of deep-neural-network-driven autonomous cars},
  author={Tian, Yuchi and Pei, Kexin and Jana, Suman and Ray, Baishakhi},
  booktitle={International Conference on Software Engineering (ICSE)},
  year={2018},
  organization={ACM}
}
@misc{sparseNMPC,
       author = {{Saraf}, Nilay and {Bemporad}, Alberto},
        title = "{An efficient non-condensed approach for linear and nonlinear model predictive control with bounded variables}",
      howpublished = {in arXiv preprint arXiv:1908.07247},
     keywords = {Mathematics - Optimization and Control, Electrical Engineering and Systems Science - Systems and Control},
         year = "2019"
}
@INPROCEEDINGS{evs, author={Chakraborty, Samarjit and Lukasiewycz, Martin and Buckl, Christian and Fahmy, Suhaib and Chang, Naehyuck and Park, Sangyoung and Kim, Younghyun and Leteinturier, Patrick and Adlkofer, Hans}, booktitle={Design, Automation Test in Europe Conference Exhibition (DATE)}, title={Embedded systems and software challenges in electric vehicles}, year={2012}, volume={}, number={}, pages={424-429}, abstract={The design of electric vehicles require a complete paradigm shift in terms of embedded systems architectures and software design techniques that are followed within the conventional automotive systems domain. It is increasingly being realized that the evolutionary approach of replacing the engine of a car by an electric engine will not be able to address issues like acceptable vehicle range, battery lifetime performance, battery management techniques, costs and weight, which are the core issues for the success of electric vehicles. While battery technology has crucial importance in the domain of electric vehicles, how these batteries are used and managed pose new problems in the area of embedded systems architecture and software for electric vehicles. At the same time, the communication and computation design challenges in electric vehicles also have to be addressed appropriately. This paper discusses some of these research challenges.}, keywords={automobiles;automotive electrics;automotive electronics;electric vehicles;embedded systems;engines;software architecture;software challenge;electric vehicle;embedded system architecture;software design technique;automotive system domain;evolutionary approach;electric car engine;battery lifetime performance;battery management technique;communication design challenge;computation design challenge;Electric vehicles;Batteries;Computer architecture;Software;Supercapacitors;Automotive engineering}, doi={10.1109/DATE.2012.6176508}, ISSN={1558-1101}, month={March},}

@ARTICLE{dram, author={Raha, Arnab and Sutar, Soubhagya and Jayakumar, Hrishikesh and Raghunathan, Vijay}, journal={IEEE Transactions on Computers}, title={{Quality Configurable Approximate DRAM}}, year={2017}, volume={66}, number={7}, pages={1172-1187},}

@INPROCEEDINGS{load_speculate, author={San Miguel, Joshua and Badr, Mario and Jerger, Natalie Enright}, booktitle={47th Annual IEEE/ACM International Symposium on Microarchitecture}, title={Load Value Approximation}, year={2014}, volume={}, number={}, pages={127-139},}

@INPROCEEDINGS{data_subsetting, author={Kim, Younghoon and Venkataramani, Swagath and Chandrachoodan, Nitin and Raghunathan, Anand}, booktitle={Design, Automation Test in Europe Conference Exhibition (DATE)}, title={Data Subsetting: A Data-Centric Approach to Approximate Computing}, year={2019}, volume={}, number={}, pages={576-581},}

@INPROCEEDINGS{env_cond, 
author={Hou, Yuenan and Ma, Zheng and Liu, Chunxiao and Loy, Chen Change}, 
booktitle={IEEE/CVF International Conference on Computer Vision (ICCV)}, 
title={{Learning Lightweight Lane Detection CNNs by Self Attention Distillation}}, 
year={2019}, 
volume={}, 
number={}, 
pages={1013-1021}, 
abstract={}, 
keywords={}, 
doi={10.1109/ICCV.2019.00110}, 
ISSN={2380-7504}, month={Oct},}

@article{fault_tree,
author = {Parth Bhavsar and Plaban Das and Matthew Paugh and Kakan Dey and Mashrur Chowdhury},
title ={Risk Analysis of Autonomous Vehicles in Mixed Traffic Streams},
journal = {Transportation Research Record},
volume = {2625},
number = {1},
pages = {51-61},
year = {2017},
doi = {10.3141/2625-06},

URL = { 
        https://doi.org/10.3141/2625-06
    
},
eprint = { 
        https://doi.org/10.3141/2625-06
    
}
,
    abstract = { The introduction of autonomous vehicles in the surface transportation system could improve traffic safety and reduce traffic congestion and negative environmental effects. Although the continuous evolution in computing, sensing, and communication technologies can improve the performance of autonomous vehicles, the new combination of autonomous automotive and electronic communication technologies will present new challenges, such as interaction with other nonautonomous vehicles, which must be addressed before implementation. The objective of this study was to identify the risks associated with the failure of an autonomous vehicle in mixed traffic streams. To identify the risks, the autonomous vehicle system was first disassembled into vehicular components and transportation infrastructure components, and then a fault tree model was developed for each system. The failure probabilities of each component were estimated by reviewing the published literature and publicly available data sources. This analysis resulted in a failure probability of about 14\% resulting from a sequential failure of the autonomous vehicular components alone in the vehicle’s lifetime, particularly the components responsible for automation. After the failure probability of autonomous vehicle components was combined with the failure probability of transportation infrastructure components, an overall failure probability related to vehicular or infrastructure components was found: 158 per 1 million mi of travel. The most critical combination of events that could lead to failure of autonomous vehicles, known as minimal cut-sets, was also identified. Finally, the results of fault tree analysis were compared with real-world data available from the California Department of Motor Vehicles autonomous vehicle testing records. }
}

@INPROCEEDINGS{comp_skip, author={Mercat, Alexandre and Bonnot, Justine and Pelcat, Maxime and Hamidouche, Wassim and Menard, Daniel}, booktitle={Design, Automation Test in Europe Conference Exhibition (DATE)}, title={Exploiting computation skip to reduce energy consumption by approximate computing, an HEVC encoder case study}, year={2017}, volume={}, number={}, pages={494-499},}

@inproceedings{precision_scaling,
author = {Tian, Ye and Zhang, Qian and Wang, Ting and Yuan, Feng and Xu, Qiang},
title = {ApproxMA: Approximate Memory Access for Dynamic Precision Scaling},
year = {2015},
isbn = {9781450334747},
publisher = {Association for Computing Machinery},
address = {New York, NY, USA},
url = {https://doi.org/10.1145/2742060.2743759},
doi = {10.1145/2742060.2743759},
booktitle = {Proceedings of the 25th Edition on Great Lakes Symposium on VLSI},
pages = {337–342},
numpages = {6},
keywords = {approximate computing, precision scaling, memory access},
location = {Pittsburgh, Pennsylvania, USA},
series = {GLSVLSI ’15}
}

@INPROCEEDINGS{nn_invoke, 
author={Esmaeilzadeh, Hadi and Sampson, Adrian and Ceze, Luis and Burger, Doug}, 
booktitle={45th Annual IEEE/ACM International Symposium on Microarchitecture}, 
title={Neural Acceleration for General-Purpose Approximate Programs}, 
year={2012}, 
volume={}, 
number={}, 
pages={449-460}, 
keywords={learning (artificial intelligence);low-power electronics;neural nets;pipeline processing;power aware computing;program compilers;program interpreters;neural acceleration;general-purpose approximate programs;learning-based approach;approximate program acceleration;Parrot transformation;program transformation;neural network;compiler;low-power accelerator;neural processing unit;processor pipeline;programming model;approximable code regions;offloading approximable code;NPU acceleration;energy savings;quality loss;Approximate Computing;Neural Networks;Accelerator;Neural Processing Unit;NPU}, 
doi={10.1109/MICRO.2012.48}, 
ISSN={1072-4451}, 
month={Dec},}

@ARTICLE{learning_isp, 
author={Jiang, Haomiao and Tian, Qiyuan and Farrell, Joyce and Wandell, Brian A}, 
journal={IEEE Transactions on Image Processing}, 
title={Learning the Image Processing Pipeline}, 
year={2017}, 
volume={26}, 
number={10}, 
pages={5032-5042}, 
keywords={colour photography;image filtering;image processing;image sensors;learning (artificial intelligence);pipeline processing;image processing pipeline;image sensor designs;sensor data;pipeline optimization;machine learning;image system simulation;pipeline design automation;local linear filters;sensor architectures;consumer photography applications;Pipelines;Cameras;Transforms;Image color analysis;Computer architecture;Rendering (computer graphics);Local linear learned;camera image processing pipeline;machine learning}, 
doi={10.1109/TIP.2017.2713942}, 
ISSN={1057-7149}, 
month={Oct},}

@inproceedings{ProACt,
author = {Chandrasekharan, Arun and Gro\ss{}e, Daniel and Drechsler, Rolf},
title = {ProACt: A Processor for High Performance On-Demand Approximate Computing},
year = {2017},
isbn = {9781450349727},
publisher = {Association for Computing Machinery},
address = {New York, NY, USA},
url = {https://doi.org/10.1145/3060403.3060415},
doi = {10.1145/3060403.3060415},
booktitle = {Proceedings of the on Great Lakes Symposium on VLSI},
pages = {463–466},
numpages = {4},
keywords = {riscv, application specific processors, approximate computing, hardware accelerators},
location = {Banff, Alberta, Canada},
series = {GLSVLSI ’17}
}

@INPROCEEDINGS{sde, 
	author={De, Sayandip and Huisken, Jos and Corporaal, Henk}, 
	booktitle={21st Euromicro Conference on Digital System Design (DSD)}, 
	title={Designing Energy Efficient Approximate Multipliers for Neural Acceleration}, 
	year={2018}, 
	volume={}, 
	number={}, 
	pages={288-295}, 
	keywords={logic design;mobile robots;multiplying circuits;network synthesis;neural nets;approximate neural replication;system level energy savings;accurate neural accelerator;state-of-the-art approximate multipliers;neural acceleration;error resilient applications;energy efficient execution;error resilience characteristics;error resilience analysis;energy efficient approximate multipliers;graph based netlist modification;multiply and accumulate units;MAC units;bit-wise scaling;inversek2 robotic application;error healing capability;Neurons;Computer architecture;Resilience;Kinematics;Robot kinematics;Acceleration;Approximate Computing, Machine Learning, Neural Networks, Low Power Design}, 
	doi={10.1109/DSD.2018.00059}, 
	ISSN={}, 
	month={Aug},}
	
@INPROCEEDINGS{sde2, 
author={De, Sayandip and Huisken, Jos and Corporaal, Henk}, 
booktitle={IEEE/ACM International Symposium on Low Power Electronics and Design (ISLPED)}, 
title={An Automated Approximation Methodology for Arithmetic Circuits}, 
year={2019}, volume={}, number={}, pages={1-6},}

@inproceedings{approx_maual,
author = {Jiang, Honglan and Santiago, Francisco J. H. and Ansari, Mohammad Saeed and Liu, Leibo and Cockburn, Bruce F. and Lombardi, Fabrizio and Han, Jie},
title = {Characterizing Approximate Adders and Multipliers Optimized under Different Design Constraints},
year = {2019},
isbn = {9781450362528},
publisher = {Association for Computing Machinery},
address = {New York, NY, USA},
url = {https://doi.org/10.1145/3299874.3319454},
doi = {10.1145/3299874.3319454},
booktitle = {Proceedings of the on Great Lakes Symposium on VLSI},
pages = {393–398},
numpages = {6},
keywords = {adder, speed, power, approximate computing, multiplier},
location = {Tysons Corner, VA, USA},
series = {GLSVLSI ’19}
}

@ARTICLE{mem_control2020,
  author={Ranjan, Ashish and Raha, Arnab and Raghunathan, Vijay and Raghunathan, Anand},
  journal={IEEE Transactions on Very Large Scale Integration (VLSI) Systems}, 
  title={Approximate Memory Compression}, 
  year={2020},
  volume={28},
  number={4},
  pages={980-991},}
  
  @INPROCEEDINGS{8342029,
author={Hashemi, Soheil and Tann, Hokchhay and Buttafuoco, Francesco and Reda, Sherief},
booktitle={Design, Automation Test in Europe Conference Exhibition (DATE)},
title={Approximate Computing for Biometric Security Systems: A Case Study on Iris Scanning},
year={2018},
volume={},
number={},
pages={319-324},
doi={10.23919/DATE.2018.8342029},
ISSN={1558-1101},
month={March}
}

@ARTICLE{araha, 
author={Raha, Arnab and Raghunathan, Vijay}, 
journal={IEEE Transactions on Very Large Scale Integration Systems (TVLSI)}, 
title={Approximating Beyond the Processor: Exploring Full-System Energy-Accuracy Tradeoffs in a Smart Camera System}, 
year={2018}, 
volume={26}, 
number={12}, 
pages={2884-2897}, 
keywords={approximation theory;cameras;computer vision;image capture;communication subsystems;compute-intensive smart camera system;error-resilient application executes;communication-intensive smart camera system;full-system approximation methodology;full-system energy-accuracy tradeoffs;energy optimization;computing system;substantial energy savings;approximate computing;individual subsystems;computational subsystem;memory subsystem;energy-saving opportunities;computing platform;joint approximations;computer vision;image processing applications;smart camera system;Smart cameras;Approximate computing;Random access memory;Wireless fidelity;Energy consumption;Data communication;Approximate computing;approximate systems}, 
doi={10.1109/TVLSI.2018.2864269}, 
ISSN={1063-8210}, 
month={Dec},}

@article{halide-auto,
  title={Schedule synthesis for halide pipelines on {GPUs}},
  author={Sioutas, Savvas and Stuijk, Sander and Basten, Twan and Corporaal, Henk and Somers, Lou},
  journal={ACM Transactions on Architecture and Code Optimization (TACO)},
  volume={17},
  number={3},
  pages={1--25},
  year={2020},
  publisher={ACM New York, NY, USA}
}
@INPROCEEDINGS{buckler,
	author={Buckler, Mark and Jayasuriya, Suren and Sampson, Adrian},
	booktitle={IEEE International Conference on Computer Vision (ICCV)},
	title={Reconfiguring the Imaging Pipeline for Computer Vision},
	year={2017},
	volume={},
	number={},
	pages={975-984},
	keywords={analogue-digital conversion;CMOS image sensors;computer vision;image colour analysis;image resolution;photography;pipeline processing;vision task accuracy;lower-precision image data;image sensor design;classical vision algorithms;vision performance;imaging system;reversible pipeline simulation tool;computer vision algorithms;lower-quality image data;low-power vision mode;image signal processing pipeline;hardware vision acceleration;embedded computer vision;imaging pipeline;Pipelines;Computer vision;Image sensors;Hardware;Signal processing algorithms;Image coding},
	doi={10.1109/ICCV.2017.111},
	ISSN={2380-7504},
	month={Oct},}
	
@INPROCEEDINGS{euphrates, author={Zhu, Yuhao and Samajdar, Anand and Mattina, Matthew and Whatmough, Paul}, booktitle={ACM/IEEE 45th Annual International Symposium on Computer Architecture (ISCA)}, title={Euphrates: Algorithm-SoC Co-Design for Low-Power Mobile Continuous Vision}, year={2018}, volume={}, number={}, pages={547-560},}

@ARTICLE{rnr,
  author={Raha, Arnab and Venkataramani, Swagath and Raghunathan, Vijay and Raghunathan, Anand},
  journal={IEEE Transactions on Very Large Scale Integration Systems (TVLSI)}, 
  title={Energy-Efficient Reduce-and-Rank Using Input-Adaptive Approximations}, 
  year={2017},
  volume={25},
  number={2},
  pages={462-475},}
  
@book{franklin1998digital,
  title={Digital control of dynamic systems},
  author={Franklin, Gene F and Powell, J David and Workman, Michael L and others},
  volume={3},
  year={1998},
  publisher={Addison-wesley Menlo Park, CA}
}

@inproceedings{halide,
 author = {Ragan-Kelley, Jonathan and Barnes, Connelly and Adams, Andrew and Paris, Sylvain and Durand, Fr{\'e}do and Amarasinghe, Saman},
 title = {Halide: A Language and Compiler for Optimizing Parallelism, Locality, and Recomputation in Image Processing Pipelines},
 booktitle = {34th ACM SIGPLAN Conference on Programming Language Design and Implementation},
 year = {2013},
 isbn = {978-1-4503-2014-6},
 location = {Seattle, Washington, USA},
 pages = {519--530},
 numpages = {12},
 keywords = {autotuning, compiler, domain specific language, gpu, image processing, locality, optimization, parallelism, redundant computation, vectorization},
} 

@ARTICLE{araha2, 
author={Raha, Arnab and Chakrabarty, Ankush and Raghunathan, Vijay and Buzzard, Gregery T}, 
journal={IEEE Transactions on Control Systems Technology (TCST)}, 
title={Embedding Approximate Nonlinear Model Predictive Control at Ultrahigh Speed and Extremely Low Power}, 
year={2019}, 
volume={}, 
number={}, 
pages={1-8}, 
keywords={Embedded systems;Hardware;Approximate computing;Approximation algorithms;Logic gates;Real-time systems;Predictive control;Approximate computing;embedded systems;field-programmable gate array (FPGA);finite-precision;internet-of-things (IoT);model predictive control (MPC);real-time systems.}, 
doi={10.1109/TCST.2019.2898835}, 
ISSN={1063-6536}, 
month={},}

@MISC{tusimple,
title={{The TuSimple Lane Detection Challange}},
url={https://github.com/TuSimple/tusimple-benchmark},
key = {TuSimple},
howpublished = "\url{https://github.com/TuSimple/tusimple-benchmark}",
note = "[Online; accessed 29-Dec-2021]"
}

@ARTICLE{lqg_robust,
  author={Lee, Kibeom and Li, Shengbo Eben and Kum, Dongsuk},
  journal={IEEE Transactions on Intelligent Transportation Systems}, 
  title={Synthesis of Robust Lane Keeping Systems: Impact of Controller and Design Parameters on System Performance}, 
  year={2019},
  volume={20},
  number={8},
  pages={3129-3141},}

@MISC{Nvidiaedge,
title={{NVIDIA Edge Devices: Embedded Systems for Next-Generation Autonomous Machines}},
key={NVIDIA Edge},
howpublished="\url{https://www.nvidia.com/en-us/autonomous-machines/embedded-systems}",
note = "[Online; accessed 29-Dec-2021]"
}

@INPROCEEDINGS{resnet,
  author={He, Kaiming and Zhang, Xiangyu and Ren, Shaoqing and Sun, Jian},
  booktitle={IEEE Conference on Computer Vision and Pattern Recognition (CVPR)}, 
  title={Deep Residual Learning for Image Recognition}, 
  year={2016},
  volume={},
  number={},
  pages={770-778},}

@MISC{resnet_runtime,
title={{Jetson AGX Xavier: Deep Learning Inference Benchmarks}},
url={https://developer.nvidia.com/embedded/jetson-agx-xavier-dl-inference-benchmarks},
key={Jetson AGX Xavier},
howpublished="\url{https://developer.nvidia.com/embedded/jetson-agx-xavier-dl-inference-benchmarks}",
note = "[Online; accessed 29-Dec-2021]"
}

@MISC{ev_energy,
	title={Energy consumption of full electric vehicles},
	url={https://ev-database.org/cheatsheet/energy-consumption-electric-car},
	key={Energy},
howpublished="\url{https://ev-database.org/cheatsheet/energy-consumption-electric-car}",
note = "[Online; accessed 29-Dec-2021]"
}

@MISC{camsensor,
key={AR1335},
title={{AR1335 CMOS Digital Image Sensor for Automotive Applications}},
url={https://www.onsemi.com/products/sensors/image-sensors-processors/image-sensors/ar1335},
howpublished="\url{https://www.onsemi.com/products/sensors/image-sensors-processors/image-sensors/ar1335}",
note = "[Online; accessed 29-Dec-2021]"
}
@MISC{NvidiaLanenet,
	title={{NVIDIA LaneNet, High-Precision Lane Detection}},
	url={https://blogs.nvidia.com/blog/2019/07/10/drive-labs-neural-nets-predict-lane-lines},
key={NVIDIA Lanenet},
howpublished="\url{https://blogs.nvidia.com/blog/2019/07/10/drive-labs-neural-nets-predict-lane-lines}",
note = "[Online; accessed 29-Dec-2021]"
}

@MISC{statista2019camera,
	title={{Picture Perfect: The Evolution of the Camera}},
	author = {Feldman, Sarah},
	year ={2019},
howpublished="\url{https://www.statista.com/chart/18488/camera-timeline/}",
note = "[Online; accessed 29-Dec-2021]"
}
@MISC{statista2021camera,
	title={{Smartphones Wipe Out 40 Years of Camera Industry Growth}},
	author = {Richter, Felix},
	year ={2021},
howpublished="\url{https://www.statista.com/chart/15524/worldwide-camera-shipments/}",
note = "[Online; accessed 29-Dec-2021]"
}

@MISC{cameraWiki,
    key={Camera},
	title={{Camera}},
howpublished="\url{https://en.wikipedia.org/wiki/Camera}",
note = "[In Wikipedia. Online; accessed 29-Dec-2021]"
}
@article{bojarski2016end,
  title={End to end learning for self-driving cars},
  author={Bojarski, Mariusz and Del Testa, Davide and Dworakowski, Daniel and Firner, Bernhard and Flepp, Beat and Goyal, Prasoon and Jackel, Lawrence D and Monfort, Mathew and Muller, Urs and Zhang, Jiakai and others},
  journal={arXiv preprint arXiv:1604.07316},
  year={2016}
}

@article{bojarski2017explaining,
  title={Explaining how a deep neural network trained with end-to-end learning steers a car},
  author={Bojarski, Mariusz and Yeres, Philip and Choromanska, Anna and Choromanski, Krzysztof and Firner, Bernhard and Jackel, Lawrence and Muller, Urs},
  journal={arXiv preprint arXiv:1704.07911},
  year={2017}
}

@INPROCEEDINGS{lanenet,
  author={Neven, Davy and De Brabandere, Bert and Georgoulis, Stamatios and Proesmans, Marc and Van Gool, Luc},
  booktitle={IEEE Intelligent Vehicles Symposium (IV)}, 
  title={Towards End-to-End Lane Detection: an Instance Segmentation Approach}, 
  year={2018},
  volume={},
  number={},
  pages={286-291},}
  
  @article{al2015retrospect,
  title={In retrospect: Book of optics},
  author={Al-Khalili, Jim},
  journal={Nature},
  volume={518},
  number={7538},
  pages={164--165},
  year={2015},
  publisher={Nature Publishing Group}
}
@article{gunes2014survey,
  title={A survey on concepts, applications, and challenges in cyber-physical systems},
  author={Gunes, Volkan and Peter, Steffen and Givargis, Tony and Vahid, Frank},
  journal={KSII Transactions on Internet and Information Systems (TIIS)},
  volume={8},
  number={12},
  pages={4242--4268},
  year={2014},
  publisher={Korean Society for Internet Information}
}

@article{sanislav2012cyber,
  title={Cyber-physical systems-concept, challenges and research areas},
  author={Sanislav, Teodora and Miclea, Liviu},
  journal={Journal of Control Engineering and Applied Informatics},
  volume={14},
  number={2},
  pages={28--33},
  year={2012}
}

@misc{lloyd1978electronic,
  title={Electronic still camera},
  author={Lloyd, Gareth A and Sasson, Steven J},
  year={1978},
  month=dec # "~26",
  publisher={Google Patents},
  note={US Patent 4,131,919}
}

@misc{sasson1991electronic,
  title={Electronic still camera utilizing image compression and digital storage},
  author={Sasson, Steven J and Hills, Robert G},
  year={1991},
  month=may # "~14",
  publisher={Google Patents},
  note={US Patent 5,016,107}
}

@MISC{estrin2015Kodak,
	title={{Kodak’s First Digital Moment}},
	author = {Estrin, James},
	year ={2015},
howpublished="\url{https://lens.blogs.nytimes.com/2015/08/12/kodaks-first-digital-moment/}",
note = "[Online; accessed 29-Dec-2021]"
}

@misc{elluswamy2021predicting,
  title={Predicting three-dimensional features for autonomous driving},
  author={Elluswamy, Ashok Kumar and Bauch, Matthew and Payne, Christopher and Karpathy, Andrej and Shroff, Dhaval and Ramanandan, Arvind and Hakewill, James Robert Howard},
  year={2021},
  month=oct # "~19",
  publisher={Google Patents},
  note={US Patent 11,150,664}
}
@article{lee2018analyzing,
  title={Analyzing thermal characteristics of urban streets using a thermal imaging camera: A case study on commercial streets in Seoul, Korea},
  author={Lee, Sugie and Moon, Hyunbin and Choi, Yeri and Yoon, Dong Keun},
  journal={Sustainability},
  volume={10},
  number={2},
  pages={519},
  year={2018},
  publisher={Multidisciplinary Digital Publishing Institute}
}

@article{behmann2018specim,
  title={Specim IQ: evaluation of a new, miniaturized handheld hyperspectral camera and its application for plant phenotyping and disease detection},
  author={Behmann, Jan and Acebron, Kelvin and Emin, Dzhaner and Bennertz, Simon and Matsubara, Shizue and Thomas, Stefan and Bohnenkamp, David and Kuska, Matheus T and Jussila, Jouni and Salo, Harri and others},
  journal={Sensors},
  volume={18},
  number={2},
  pages={441},
  year={2018},
  publisher={Multidisciplinary Digital Publishing Institute}
}

@article{burns2013mixed,
  title={Mixed criticality systems-a review},
  author={Burns, Alan and Davis, Robert},
  journal={Department of Computer Science, University of York, Tech. Rep},
  pages={1--69},
  year={2013}
}
@inproceedings{bell2006introduction,
  title={Introduction to IEC 61508},
  author={Bell, Ron},
  booktitle={ACM International Conference Proceeding Series},
  volume={162},
  pages={3--12},
  year={2006},
  organization={Citeseer}
}

@inproceedings{jeon2011automotive,
  title={Automotive hardware development according to ISO 26262},
  author={Jeon, Seo-Hyun and Cho, Jin-Hee and Jung, Yangjae and Park, Sachoun and Han, Tae-Man},
  booktitle={13th international conference on advanced communication technology (ICACT)},
  pages={588--592},
  year={2011},
  organization={IEEE}
}
@article{li2020lidar,
  title={Lidar for autonomous driving: The principles, challenges, and trends for automotive lidar and perception systems},
  author={Li, You and Ibanez-Guzman, Javier},
  journal={IEEE Signal Processing Magazine},
  volume={37},
  number={4},
  pages={50--61},
  year={2020},
  publisher={IEEE}
}

@MISC{tesla,
	title={{Tesla: Future of driving}},
	key = {Tesla},
howpublished="\url{https://www.tesla.com/autopilot}",
note = "[Online; accessed 04-Jan-2022]"
}

@MISC{samsungS21,
	title={{Samsung Galaxy S21 FE 5G}},
	key = {Galaxy},
howpublished="\url{https://www.samsung.com/nl/smartphones/galaxy-s21-5g/galaxy-s21-fe-5g/}",
note = "[Online; accessed 04-Jan-2022]"
}

@MISC{yole19,
	title={{Imaging technologies are transforming the automotive industry}},
	key = {Yole},
howpublished="\url{http://www.yole.fr/ImagingForAuto_IndustryReview.aspx\#.YdWbAlXMKYl}",
note = "[Online; accessed 04-Jan-2022]"
}

@inproceedings{lee2008cyber,
  title={{Cyber physical systems: Design challenges}},
  author={Lee, Edward A},
  booktitle={11th IEEE international symposium on object and component-oriented real-time distributed computing (ISORC)},
  pages={363--369},
  year={2008},
  organization={IEEE}
}
@article{el2005cmos,
  title={CMOS image sensors},
  author={El Gamal, Abbas and Eltoukhy, Helmy},
  journal={IEEE Circuits and Devices Magazine},
  volume={21},
  number={3},
  pages={6--20},
  year={2005},
  publisher={IEEE}
}

@article{moore1998cramming,
  title={Cramming more components onto integrated circuits},
  author={Moore, Gordon E},
  journal={Proceedings of the IEEE},
  volume={86},
  number={1},
  pages={82--85},
  year={1998},
  publisher={IEEE}
}

@article{triggs2020camera,
  title={Camera Link Technology for Automotive Applications},
  author={Triggs, Joe and Burke, Derek},
  journal={ATZelectronics worldwide},
  volume={15},
  number={7},
  pages={18--22},
  year={2020},
  publisher={Springer}
}
@article{talpes2020compute,
  title={Compute solution for tesla's full self-driving computer},
  author={Talpes, Emil and Sarma, Debjit Das and Venkataramanan, Ganesh and Bannon, Peter and McGee, Bill and Floering, Benjamin and Jalote, Ankit and Hsiong, Christopher and Arora, Sahil and Gorti, Atchyuth and others},
  journal={IEEE Micro},
  volume={40},
  number={2},
  pages={25--35},
  year={2020},
  publisher={IEEE}
}

@article{lecun2015deep,
  title={Deep learning},
  author={LeCun, Yann and Bengio, Yoshua and Hinton, Geoffrey},
  journal={nature},
  volume={521},
  number={7553},
  pages={436--444},
  year={2015},
  publisher={Nature Publishing Group}
}
@inproceedings{jugade2022eval,
  title={{An Evaluation Framework for Vision-in-the-Loop Motion Control Systems}},
  author={Jugade, Chaitanya and Hartgers, Daniel and Anh, Phan Duc and Mohamed, Sajid and Haghi, Mojtaba and Goswami, Dip and Nelson, Andrew and Veen, Gijs van der and Goossens, Kees},
  booktitle={Emerging Technologies and Factory Automation (ETFA)},
  year={2022}
}
@article{mishra2020survey,
  title={A survey on deep neural network compression: Challenges, overview, and solutions},
  author={Mishra, Rahul and Gupta, Hari Prabhat and Dutta, Tanima},
  journal={arXiv preprint arXiv:2010.03954},
  year={2020}
}